4134 5384
243 454 248 465 ,
655 220 1022 409 PROBUS,⁸
1255 412 1258 422 ,
1325 318 1435 451 ἰιγΙΙ

274 537 906 651 ‘navamus
959 544 1325 647 cuorus.
1415 490 1427 635 1

811 854 849 951 l,

247 1156 524 1417 PRobus
557 1192 681 1262 tote
733 1165 826 1299 egia
850 1154 954 1259 belli
989 1154 1206 1259 facinora
1235 1156 1312 1263 sub
1339 1168 1430 1266 Va¹

359 1296 548 1417 leriano',
603 1196 830 1416 Gallieno,
901 1290 1118 1417 Claudio,
1184 1312 1256 1401 bc.
1284 1306 1429 1401 'Aure-

237 1432 362 1574 liano
418 1427 688 1575 Principibus
730 1426 919 1539 ediderat
941 1508 959 1551 ,
979 1445 1040 1537 'ut
1088 1448 1266 1539 Senatus
1300 1437 1431 1541 illum

239 1571 268 1696 ἃ
297 1570 509 1677 militibus
544 1574 731 1679 elesium
769 1612 879 1675 mox
908 1572 1259 1697 confirmaverit,
1282 1584 1433 1719 itaque

239 1721 444 1817 Romam
497 1723 577 1816 iter
630 1710 902 1830 acceleravit,
939 1747 988 1813 ut
1008 1723 1058 1815 in
1102 1711 1264 1814 Gallias
1324 1755 1433 1819 cum
1631 1738 1639 1753 ⁴

239 1861 408 1991 ingenti
463 1862 649 1953 exercitu
679 1848 1019 1991 proficisceretur
1070 1885 1224 1951 contra
1280 1850 1431 1957 barba·
1657 1956 1662 1967 ,

237 2027 340 2107 ros,
374 2001 454 2131 qui
512 1994 613 2131 post
668 1986 979 2107 Aurelianum,
1025 1997 1251 2094 Romanas
1280 2000 1432 2095 civirass·
1572 2026 1575 2033 ·

238 2164 301 2229 tes
324 2166 670 2270 occupaverant:
706 2131 785 2233 ubi
822 2127 1002 2268 plurimi
1032 2125 1170 2267 reguli
1204 2124 1317 2227 illius
1343 2168 1431 2269 po.

238 2271 378 2369 testati
413 2266 680 2395 subjicientes
703 2267 772 2385 se,
805 2267 1022 2369 tributum
1051 2262 1213 2369 solvere
1244 2264 1428 2402 polliciti

238 2404 371 2525 sunt,
399 2410 448 2502 in
480 2409 602 2529 cujus
635 2412 698 2501 rei
729 2412 995 2502 memoriam
1025 2414 1275 2505 maximum
1309 2403 1440 2509 hunc'

240 2577 487 2644 nummum
512 2536 669 2679 fignari
692 2535 951 2668 julsrt,ctlm
967 2534 1255 2681 alloqueretur
1269 2543 1431 2647 cohor-

241 2713 327 2798 tes,
381 2686 562 2818 praemia
603 2672 709 2779 belli
739 2686 790 2779 iis
845 2674 1126 2798 distribuens,
1157 2678 1431 2817 praesentibus

265 2834 357 2916 'uos
391 2816 688 2951 subjugarent,
725 2812 908 2953 regulis:
951 2854 1091 2957 quem
1115 2852 1273 2955 typum
1304 2820 1429 2923 valde

180 3062 185 3071 ,
241 2854 454 3058 illustrant
484 2952 666 3091 Vopisci
699 2955 862 3062 verba:
887 2956 1082 3085 Qandirl
1112 2960 1240 3093 reguli
1280 2962 1571 3093 novembrem·

240 3130 290 3194 ex
345 3092 514 3227 diversis
566 3092 748 3234 gentiles
805 3111 1021 3199 venirent:
1048 3122 1169 3236 atque
1213 3100 1272 3199 ad
1309 3103 1430 3237 pedes

241 3230 565 3365 Prolijacerent.
