4134 5384
622 367 690 453 ,4
832 315 1593 453 rnanerrrrun.

626 563 701 663 sub
740 556 1023 661 Pontificibus
1060 528 1169 674 suis,=
1208 574 1253 656 δι
1273 592 1369 655 non
1389 551 1465 653 sub
1485 546 1574 651 aliis
1595 549 1821 689 magistra-3

629 704 747 801 tibus
762 736 975 799 nummos
997 694 1152 799 cudere
1173 688 1321 794 solent.
1342 688 1519 793 Plutoni
1535 685 1694 791 volunt
1703 724 1821 824 nup-

439 884 551 961 nrgne.
632 873 725 938 tarn
748 836 1046 975 Proserpinam
1069 844 1234 935 Cereris
1271 829 1410 932 filiam
1434 904 1449 947 ,
1476 866 1575 967 quat
1613 863 1661 927 ut
1705 827 1821 965 seges

440 961 528 1036 Myrb.

439 1313 507 1375 ibid.

632 1013 751 1076 terrae
788 974 994 1081 mandata
1025 972 1280 1111 centuplum
1307 967 1494 1107 profert,
1529 987 1574 1066 δι
1620 962 1677 1067 stc
1711 1002 1821 1065 cum

633 1114 776 1213 inferis
787 1125 970 1249 partim,
987 1132 1031 1216 δι
1047 1150 1152 1213 cum
1178 1108 1332 1251 superis
1354 1106 1505 1246 degere
1513 1102 1690 1205 refertur
1701 1099 1822 1243 apud

631 1248 982 1389 Apollodorum.

1176 1515 1257 1628 1'1.
1307 1676 1330 1713 ο
1477 1648 1482 1655 ,

698 1801 862 1904 Eadem
887 1798 1194 1941 Tranquillina
1217 1796 1304 1900 sub·
1323 1792 1582 1935 Proserpinae
1627 1802 1823 1937 imagini:¹

633 1954 794 2065 iterum
814 1936 962 2079 prodit
978 1950 1026 2041 in
1059 1936 1193 2039 altero
1218 1948 1402 2038 maximi
1425 1936 1597 2039 moduli
1622 1930 1822 2037 nummo

633 2080 708 2179 sub
724 2090 907 2179 Praetore
920 2075 1103 2180 Rufino.
1134 2086 1276 2180 Gtaeci
1289 2074 1473 2217 quidem
1487 2088 1665 2177 nummi
1677 2084 1822 2178 Tran-

634 2216 865 2355 quillinam
888 2213 1034 2352 [rpiur
1069 2222 1241 2316 Furiam
1262 2227 1520 2351 nominant,
1547 2225 1688 2353 Latini
1715 2214 1820 2314 verb

635 2357 870 2455 Sabiniam.
900 2352 1015 2451 Sard'
1081 2352 1235 2453 'setet
1253 2368 1511 2470 Neocoros,
1547 2363 1664 2453 utin
1699 2351 1823 2491 supe-

632 2503 744 2591 tiore
765 2528 959 2592 nummo
989 2390 1252 2592 iddbburm
1274 2528 1373 2632 quae
1409 2490 1592 2629 dignitas
1641 2492 1821 2591 urbibus

634 2664 806 2729 tantum
831 2625 1065 2728 celebribus
1082 2630 1275 2729 conceffa
1295 2628 1490 2753 videtut;
1540 2663 1583 2730 at
1620 2626 1756 2731 Sardis
1780 2630 1822 2731 se

637 2764 930 2905 Metropolim
950 2786 995 2866 ὅ(
1021 2776 1214 2869 Primam
1233 2763 1366 2883 Afiae,
1402 2764 1544 2900 Lydiae
1568 2786 1613 2865 δε
1639 2776 1822 2869 Gtaeeiae

636 2903 847 3004 vindicat:
874 2900 1006 3003 Craesr
1026 2902 1142 3003 olim
1175 2914 1306 3043 Regis
1326 2902 1437 3004 sedes
1459 2900 1572 3021 fuit,
1597 2916 1718 3033 cujus
1736 2905 1823 3005 do·

635 3078 746 3142 num
770 3042 961 3142 Sardiani
981 3045 1145 3142 civibus
1169 3040 1225 3141 ad
1244 3038 1600 3182 requiescendum
1647 3056 1742 3144 otio
1763 3040 1823 3143 se-

633 3190 814 3280 niorum
860 3176 1049 3317 collegio
1078 3177 1305 3281 Gerusram
1356 3178 1660 3284 dedicaverunt
1702 3175 1822 3321 apud

470 3355 502 3408 ¹·
540 3392 548 3410 ·
632 3330 901 3426 Vitruvium.

696 3464 865 3592 Jupiter
911 3468 959 3555 in
1005 3454 1313 3557 Sardianorum
1358 3466 1556 3556 nummis
1593 3452 1795 3599 frequens
1802 3464 1824 3577 ,'

634 3603 722 3723 ejus
739 3590 908 3691 cultum
929 3603 977 3693 in
1004 3595 1109 3693 urbe
1129 3592 1330 3719 denotat3
1375 3593 1445 3695 sed
1481 3606 1529 3693 in
1556 3592 1645 3694 hoc
1683 3608 1823 3696 maxi-

636 3770 718 3832 mo
738 3744 849 3833 inter
870 3729 1055 3832 Zodiaci
1076 3729 1311 3848 circulum,
1351 3769 1562 3873 tanquam
1584 3742 1696 3836 inter
1716 3732 1825 3833 deos

636 3879 863 4005 primarius
904 3864 1048 3971 serstns
1092 3881 1341 4007 reponitur,
1371 3868 1425 3971 de
1448 3908 1542 4011 quo
1558 3882 1703 4011 inquit
1722 3886 1826 3975 Ma-¹

635 4009 841 4105 crobius:
880 4020 929 4105 in
976 4013 1174 4109 duodecim
1209 4012 1378 4108 Zodiaci
1399 4016 1528 4146 fignis
1561 4040 1670 4111 certa
1696 4040 1824 4110 certo-

620 4184 718 4243 ·rum
759 4157 958 4263 numinum
1002 4148 1198 4246 domicilia
1229 4150 1454 4249 creduntur.
1474 4154 1640 4287 Jupiter
1683 4156 1825 4249 visto

629 4294 740 4383 riam
764 4281 911 4382 dextri
927 4296 1062 4420 gerit,
1093 4294 1306 4425 tanquam
1337 4285 1586 4389 Gordianus
1634 4286 1709 4386 sub
1733 4277 1828 4417 ejus

628 4430 900 4559 protectione
923 4432 1158 4526 vidiotiam
1184 4422 1239 4524 de
1264 4422 1394 4527 Persis
1430 4421 1634 4528 relaturus
1653 4420 1718 4529 stt.
