4134 5384
631 219 729 385 aas
884 270 1559 399 uurtrutnuus

631 510 766 612 dein
802 508 1128 651 Mesopotamia
1144 520 1400 653 lmpemtor
1434 510 1490 612 ab
1522 548 1578 613 eo
1599 487 1820 619 acclama

630 684 726 768 tus,
758 656 947 787 Augusti
978 690 1149 753 nomen
1177 662 1364 792 accepit,
1384 664 1595 793 cumque
1614 652 1822 757 barbaros

629 788 871 929 profligasse
895 788 1090 893 indicant
1113 800 1202 919 ejus
1224 800 1404 892 nummi
1435 790 1580 909 obvii,
1602 828 1709 895 cum
1729 804 1824 934 epi-

629 928 795 1067 graphe
818 956 958 1032 unns
985 942 1190 1036 weron
1214 934 1399 1047 &Jovr
1427 930 1824 1065 woroanod

617 1065 870 1169 confirmat
888 1078 978 1198 ejus
999 1082 1150 1211 imago
1170 1068 1247 1171 sub
1267 1068 1424 1210 clypeo
1458 1066 1630 1210 depissa
1649 1084 1696 1173 in
1722 1074 1822 1174 bar-

632 1205 759 1306 baros
774 1244 893 1349 equo
919 1208 1171 1327 decurrens,
1190 1246 1303 1351 quos
1327 1205 1473 1337 jaculo
1489 1218 1685 1351 impetit,
1707 1209 1825 1315 dum

630 1353 815 1447 victoria
837 1382 916 1486 per
934 1360 1029 1449 a’e'ra
1053 1346 1239 1451 volitans
1268 1346 1346 1489 ipsi
1381 1386 1597 1451 coronam
1618 1363 1819 1491 porrigit.

631 1494 866 1589 Nummus
890 1521 1037 1588 autem
1068 1486 1142 1587 hic
1171 1498 1389 1592 maximus
1410 1484 1570 1623 insigni
1594 1526 1683 1591 arte
1698 1488 1823 1591 cala·-

628 1656 700 1723 tus
724 1636 886 1730 Romae
906 1628 1120 1763 perculsus
1140 1626 1311 1727 videtur
1339 1636 1606 1729 Numeriani
1628 1628 1822 1755 juffu,a-

477 1864 483 1871 ,
628 1773 756 1865 micis
778 1762 1119 1880 distribuendus,
1143 1762 1249 1863 crim
1283 1762 1341 1864 ad
1361 1766 1516 1865 urbem
1540 1801 1822 1904 properaret,

627 1899 765 2001 sedin
794 1911 944 2003 itinere
961 1912 1072 2040 Apri
1109 1913 1256 2005 Soceri
1284 1880 1445 2003 insidiis
1468 1901 1717 2008 interfeClus
1738 1910 1822 2041 est.v

626 2084 1126 2231 jovninurus
1162 2062 1794 2205 otocrizrmuus.

629 2250 1068 2513 Diocletianus,
1107 2266 1227 2357 Cato
1264 2266 1533 2395 Imperatore
1558 2294 1742 2359 mortuo
1770 2276 1819 2361 &

786 2408 1065 2500 Numeriano
1089 2405 1178 2523 ejus
1199 2390 1327 2513 filio,
1353 2393 1598 2499 &militibus
1621 2410 1818 2536 Impera-

628 2572 699 2665 tor
716 2532 950 2674 appellams
965 2540 1055 2651 est,
1077 2532 1205 2674 quod
1213 2532 1323 2670 clun¹
1337 2543 1498 2637 Romae
1521 2546 1707 2636 Carinus
1717 2546 1827 2640 tuo-2

630 2684 813 2775 moriani
848 2672 976 2775 frater
1004 2682 1148 2798 major
1174 2670 1418 2808 accepisset,
1468 2668 1665 2773 adversus
1707 2684 1823 2805 Dio-

625 2804 865 2913 cletianum
885 2850 991 2941 curn
1025 2822 1213 2911 exercitu
1242 2810 1481 2946 progressus
1493 2814 1553 2909 est
1562 2882 1577 2927 ,
1599 2806 1670 2910 sed
1689 2813 1743 2912 ab
1762 2850 1821 2913 eo

628 2959 679 3050 in
698 2948 857 3053 Moesra
871 2958 1011 3053 vietus
1029 2946 1264 3069 occiditur3
1287 2958 1433 3119 itaque
1456 2944 1756 3051 Diocletianus
1769 2960 1821 3053 in

630 3091 805 3191 Urbem
829 3101 1133 3228 venitmagno
1157 3084 1329 3186 honore
1351 3124 1377 3185 a
1403 3097 1568 3187 Senatu
1589 3124 1818 3229 acceptus:

629 3230 707 3331 ubi
732 3264 882 3367 praeter
913 3266 1130 3329 nummos
1154 3220 1363 3327 adusum
1393 3224 1623 3365 publicum
1632 3302 1652 3359 2,
1680 3240 1823 3359 maxia

579 3436 583 3445 -
629 3404 734 3470 mos
758 3404 842 3504 pro
875 3364 1088 3478 donativo
1117 3360 1337 3505 percuisrt3
1378 3362 1548 3466 arctim
1570 3404 1671 3467 mos
1693 3378 1819 3471 inva-

628 3504 763 3607 luisset
783 3504 830 3605 id
848 3516 976 3607 initio
988 3504 1110 3623 fieri,
1132 3526 1177 3608 &
1189 3499 1298 3605 nihil
1311 3500 1819 3645 adhucpraeclarumges-

627 3642 767 3747 sissent
800 3656 1114 3783 Imperatores,
1145 3676 1427 3744 monetarum
1457 3646 1612 3781 typum
1638 3646 1817 3747 exhibe-

627 3786 746 3885 bant.
787 3795 1035 3912 liceat'nos
1055 3782 1127 3883 hic
1145 3818 1315 3916 tyrones
1336 3820 1517 3905 monete
1549 3782 1670 3884 hunc
1692 3794 1815 3887 Prin-
1907 3872 1914 3889 .
2058 3772 2059 3793 Ν

627 3934 773 4061 cipem
805 3957 1027 4024 nummos.
1042 3963 1094 4024 ex
1115 3962 1203 4026 aere
1225 3916 1393 4022 modios
1415 3924 1631 4051 restituisse
1649 3919 1815 4027 velfre-

592 4156 596 4165 .
631 4074 878 4203 quennores
886 4060 1130 4180 reddidisse,
1158 4084 1205 4165 &
1231 4050 1454 4199 argenteos
1468 4066 1650 4201 posttot
1666 4058 1817 4165 saecula

629 4199 684 4303 tic
700 4238 883 4340 argento
907 4239 1022 4338 puto
1070 4198 1252 4318 cudisse,
1290 4222 1336 4303 &
1369 4212 1538 4342 nequis
1582 4238 1814 4307 monetam

628 4338 905 4460 adulteraret,
939 4372 1086 4483 graves
1110 4378 1262 4480 poenas
1292 4344 1537 4444 instituisse:
1556 4338 1673 4446 unde
1685 4338 1813 4472 sam

626 4488 675 4581 in
696 4490 785 4610 ejus
806 4490 1004 4585 nummis
1020 4478 1231 4625 appellata
1247 4486 1320 4583 est.
1740 4490 1813 4616 M·²
