4134 5384
589 229 742 450 *pn
1086 296 1393 404 NERQ

648 539 754 634 ritus
772 565 867 632 rem
883 537 930 632 in
951 537 1156 634 animum
1181 528 1310 634 suurn
1338 524 1546 650 induxit}
1573 525 1856 678 perfecitque

651 679 1011 812 magnanimitate
1024 709 1075 774 ac
1094 681 1292 811 potentia
1304 682 1512 776 Romana
1528 667 1726 811 dignam.
1739 684 1853 804 Ejues

458 807 614 956 {pffl
651 807 845 949 figuram
868 819 1099 910 Suetonius
1135 831 1181 912 δε
1221 822 1314 912 Dio
1342 806 1547 950 graphice
1580 806 1851 917 describunt.

459 965 494 972 ”
533 935 542 956 ’
601 941 707 1051 ”In
725 945 910 1050 Claudii
947 957 1146 1048 nummis
1174 945 1286 1048 nulli
1317 958 1407 1078 ejus
1445 983 1683 1048 occurrunt
1717 964 1838 1090 typi,
1989 957 1993 960 ’

652 1085 722 1190 sed
739 1126 893 1188 omnen
914 1123 1019 1192 cum
1036 1086 1106 1188 effi
1141 1098 1176 1186 'e
1195 1097 1412 1206 Neronis,
1482 1084 1574 1188 uod
1590 1125 1678 1188 nos
1707 1087 1840 1193 doeet

653 1224 777 1328 hunc
825 1235 1071 1365 principem
1104 1125 1234 1328 ddum
1276 1224 1436 1328 absolv'
1499 1301 1510 1323 .
1582 1223 1656 1326 Ad
1684 1228 1838 1364 portin

650 1375 883 1469 introitum
923 1375 1135 1502 Neptuni.
1173 1363 1244 1464 seu
1280 1375 1514 1478 Portumni
1554 1361 1837 1472 simulacrum

596 1499 601 1508 ’
650 1502 838 1622 uifitur,
877 1511 925 1602 in
959 1501 1110 1604 medio
1142 1499 1318 1604 Claudii
1352 1507 1488 1605 statua
1522 1501 1836 1640 paludamento

652 1642 940 1781 ornatasupra
960 1640 1222 1754 columnam
1239 1678 1452 1783 tanquam
1466 1639 1739 1744 Conditoris.

719 1779 907 1882 Alterius
918 1790 1117 1884 Neronis
1132 1819 1226 1920 pars
1242 1781 1406 1899 aversa,
1428 1779 1532 1883 huic
1545 1819 1836 1922 nummopro

651 1928 848 2024 Neronis
864 1930 1003 2060 capite
1029 1922 1180 2024 intusa
1196 1925 1266 2026 estt
1277 1995 1304 2039 „
1321 1932 1380 2022 ita
1400 1955 1449 2020 ut
1477 1917 1596 2022 idem
1614 1918 1726 2021 duos
1745 1909 1837 2024 effi·

649 2068 739 2159 ciat.
749 2071 797 2161 in
825 2097 946 2160 uno:
968 2057 1042 2160 hic
1072 2056 1253 2175 exhibet,
1277 2069 1495 2160 Cererem*
1512 2056 1729 2162 sedentem
1761 2071 1834 2162 cui

647 2196 784 2306 adstat
796 2195 1107 2317 abundantia,
1121 2237 1196 2300 ara
1208 2209 1320 2301 inter
1332 2237 1397 2300 eas
1416 2195 1561 2302 media
1568 2193 1835 2318 3„illai}rcem

645 2330 822 2434 solitum
840 2332 1144 2468 infigne,..haec
1159 2349 1437 2468 comucoprat
1450 2367 1709 2467 perpetuum
1722 2333 1836 2468 sym,-

648 2469 810 2572 bqum
826 2476 954 2604 gerit:
973 2505 1040 2568 eas
1061 2463 1245 2608 quidem
1269 2466 1326 2566 ad
1351 2465 1663 2608 designandam
1685 2480 1834 2574 Nero-

649 2620 716 2710 nis
737 2620 785 2709 in
801 2644 979 2709 annona
995 2602 1267 2744 procuranda
1282 2601 1583 2746 diligentiam,
1607 2643 1656 2709 ut
1676 2618 1835 2713 innue-

452 2821 623 2904 ΜΨ
649 2788 696 2851 re
715 2744 884 2860 videtur
896 2753 1075 2850 Tacitus
1097 2753 1372 2883 ‚pretiumque
1395 2747 1585 2875 pauenti
1607 2758 1832 2872 minutum,

649 2885 769 3025 usque
801 2887 859 2985 ad
889 2914 1023 2986 ternos
1055 2926 1244 2988 nummos.
1301 2893 1433 2986 Ceres
1457 2881 1562 2987 veri>
1584 2883 1834 3028 depingitur

510 3033 515 3056 ¹
649 3064 862 3167 tanquam
881 3020 1043 3126 serendi
1059 3021 1271 3127 frumenti
1282 3033 1521 3142 inventrix,
1540 3061 1742 3128 matrona
1758 3069 1834 3133 ve-

649 3173 701 3274 ῐὸ
730 3179 944 3272 Romana
963 3163 1050 3265 sub
1075 3161 1368 3265 Abundanriae
1392 3174 1589 3304 imagine
1619 3197 1834 3306 tanquam
1860 3225 1865 3232 -

648 3308 764 3410 urbis
782 3298 1148 3442 Geniurfrugum
1165 3294 1376 3404 omnium
1388 3312 1564 3442 copiam
1588 3301 1848 3439 producens.

601 3573 605 3582 ι
649 3443 807 3546 adstat:
821 3437 937 3541 unde
949 3478 1032 3579 pro
1051 3439 1520 3584 inscriptionenummi
1537 3451 1700 3548 Cunus
1735 3481 1844 3548 au,-

653 3616 837 3690 nona
865 3587 1150 3725 Aue-usrn
1178 3645 1185 3659 ·
1451 3601 1458 3610 ’
