<?xml version="1.0" encoding="UTF-8"?>
<!DOCTYPE html PUBLIC "-//W3C//DTD XHTML 1.0 Transitional//EN"
    "http://www.w3.org/TR/xhtml1/DTD/xhtml1-transitional.dtd">
<html xmlns="http://www.w3.org/1999/xhtml" xml:lang="en" lang="en">
 <head>
  <title>
</title>
<meta http-equiv="Content-Type" content="text/html;charset=utf-8" />
  <meta name='ocr-system' content='tesseract 3.04.00' />
  <meta name='ocr-capabilities' content='ocr_page ocr_carea ocr_par ocr_line ocrx_word'/>
</head>
<body>
  <div class='ocr_page' id='page_1' title='image "./selectioranumis00campgoog_0129.png"; bbox 0 0 4134 5384; ppageno 0'>
   <div class='ocr_carea' id='block_1_1' title="bbox 512 343 1456 676">
    <p class='ocr_par' dir='ltr' id='par_1_1' title="bbox 512 343 1456 676">
     <span class='ocr_line' id='line_1_1' title="bbox 514 343 1456 495; baseline 0.006 -57"><span class='ocrx_word' id='word_1_1' title='bbox 514 432 518 438; x_wconf 89' lang='lat'><em>.</em></span> <span class='ocrx_word' id='word_1_2' title='bbox 606 343 1086 495; x_wconf 53' lang='lat' dir='ltr'><strong>SEVERUS.</strong></span> <span class='ocrx_word' id='word_1_3' title='bbox 1388 373 1456 480; x_wconf 50' lang='grc' dir='ltr'><strong>ὅς</strong></span> 
     </span>
     <span class='ocr_line' id='line_1_2' title="bbox 512 541 1006 676; baseline 0 -1"><span class='ocrx_word' id='word_1_4' title='bbox 512 573 516 584; x_wconf 87' lang='grc'>·</span> <span class='ocrx_word' id='word_1_5' title='bbox 823 541 1006 676; x_wconf 72' lang='grc' dir='ltr'><strong>ἰη’</strong></span> 
     </span>
    </p>
   </div>
   <div class='ocr_carea' id='block_1_2' title="bbox 131 807 1587 4234">
    <p class='ocr_par' dir='ltr' id='par_1_2' title="bbox 249 807 1454 2054">
     <span class='ocr_line' id='line_1_3' title="bbox 334 807 1449 952; baseline 0.009 -41"><span class='ocrx_word' id='word_1_6' title='bbox 334 807 521 950; x_wconf 84' lang='lat' dir='ltr'>Ephesus</span> <span class='ocrx_word' id='word_1_7' title='bbox 563 816 699 910; x_wconf 84' lang='lat' dir='ltr'><strong>loniae</strong></span> <span class='ocrx_word' id='word_1_8' title='bbox 719 808 819 911; x_wconf 86' lang='lat' dir='ltr'><strong>urbs</strong></span> <span class='ocrx_word' id='word_1_9' title='bbox 847 823 1063 952; x_wconf 81' lang='lat' dir='ltr'><strong>pracipua</strong></span> <span class='ocrx_word' id='word_1_10' title='bbox 1082 865 1085 870; x_wconf 95' lang='lat'>·</span> <span class='ocrx_word' id='word_1_11' title='bbox 1107 821 1268 914; x_wconf 86' lang='lat' dir='ltr'><strong>Severo</strong></span> <span class='ocrx_word' id='word_1_12' title='bbox 1317 827 1449 921; x_wconf 87' lang='lat' dir='ltr'><strong>etiam</strong></span> 
     </span>
     <span class='ocr_line' id='line_1_4' title="bbox 266 947 1446 1076; baseline 0.007 -28"><span class='ocrx_word' id='word_1_13' title='bbox 266 984 481 1050; x_wconf 88' lang='lat' dir='ltr'><strong>nummos</strong></span> <span class='ocrx_word' id='word_1_14' title='bbox 506 947 725 1052; x_wconf 88' lang='lat' dir='ltr'><strong>consecrat</strong></span> <span class='ocrx_word' id='word_1_15' title='bbox 760 950 821 1047; x_wconf 89' lang='lat' dir='ltr'><strong>ob</strong></span> <span class='ocrx_word' id='word_1_16' title='bbox 866 956 1066 1052; x_wconf 60' lang='lat' dir='ltr'><strong>vidintur</strong></span> <span class='ocrx_word' id='word_1_17' title='bbox 1110 953 1165 1050; x_wconf 90' lang='lat' dir='ltr'><strong>ab</strong></span> <span class='ocrx_word' id='word_1_18' title='bbox 1200 991 1254 1051; x_wconf 90' lang='lat' dir='ltr'><strong>eo</strong></span> <span class='ocrx_word' id='word_1_19' title='bbox 1272 949 1446 1076; x_wconf 83' lang='lat' dir='ltr'><strong>relatas,</strong></span> 
     </span>
     <span class='ocr_line' id='line_1_5' title="bbox 266 1083 1449 1229; baseline 0.007 -43"><span class='ocrx_word' id='word_1_20' title='bbox 266 1123 316 1186; x_wconf 94' lang='lat' dir='ltr'><strong>ut</strong></span> <span class='ocrx_word' id='word_1_21' title='bbox 337 1087 500 1190; x_wconf 81' lang='lat' dir='ltr'><strong>indicat</strong></span> <span class='ocrx_word' id='word_1_22' title='bbox 522 1123 672 1229; x_wconf 88' lang='lat' dir='ltr'>typus,</span> <span class='ocrx_word' id='word_1_23' title='bbox 692 1083 865 1225; x_wconf 80' lang='lat' dir='ltr'><strong>Ephesii</strong></span> <span class='ocrx_word' id='word_1_24' title='bbox 889 1100 936 1190; x_wconf 91' lang='lat' dir='ltr'><strong>in</strong></span> <span class='ocrx_word' id='word_1_25' title='bbox 957 1127 1012 1190; x_wconf 91' lang='lat' dir='ltr'><strong>eo</strong></span> <span class='ocrx_word' id='word_1_26' title='bbox 1046 1087 1085 1188; x_wconf 87' lang='lat' dir='ltr'><strong>se</strong></span> <span class='ocrx_word' id='word_1_27' title='bbox 1107 1089 1175 1188; x_wconf 87' lang='lat' dir='ltr'><strong>bis</strong></span> <span class='ocrx_word' id='word_1_28' title='bbox 1214 1101 1449 1194; x_wconf 87' lang='lat' dir='ltr'><strong>Neocoros</strong></span> 
     </span>
     <span class='ocr_line' id='line_1_6' title="bbox 262 1221 1452 1364; baseline 0.005 -38"><span class='ocrx_word' id='word_1_29' title='bbox 262 1221 527 1342; x_wconf 85' lang='lat' dir='ltr'><strong>inscribunt,</strong></span> <span class='ocrx_word' id='word_1_30' title='bbox 550 1238 742 1364; x_wconf 83' lang='lat' dir='ltr'><strong>primam</strong></span> <span class='ocrx_word' id='word_1_31' title='bbox 762 1264 870 1328; x_wconf 86' lang='lat' dir='ltr'><strong>vero</strong></span> <span class='ocrx_word' id='word_1_32' title='bbox 908 1238 1182 1331; x_wconf 83' lang='lat' dir='ltr'><strong>Neotoriam</strong></span> <span class='ocrx_word' id='word_1_33' title='bbox 1212 1225 1238 1326; x_wconf 71' lang='lat' dir='ltr'><strong>a</strong></span> <span class='ocrx_word' id='word_1_34' title='bbox 1268 1241 1452 1332; x_wconf 87' lang='lat' dir='ltr'>Nerone</span> 
     </span>
     <span class='ocr_line' id='line_1_7' title="bbox 263 1361 1451 1505; baseline 0.008 -43"><span class='ocrx_word' id='word_1_35' title='bbox 263 1401 339 1464; x_wconf 89' lang='lat' dir='ltr'><strong>eos</strong></span> <span class='ocrx_word' id='word_1_36' title='bbox 358 1367 557 1505; x_wconf 82' lang='lat' dir='ltr'><strong>accepiffe</strong></span> <span class='ocrx_word' id='word_1_37' title='bbox 582 1369 754 1465; x_wconf 79' lang='lat' dir='ltr'><strong>restatur</strong></span> <span class='ocrx_word' id='word_1_38' title='bbox 787 1361 901 1464; x_wconf 86' lang='lat' dir='ltr'><strong>illius</strong></span> <span class='ocrx_word' id='word_1_39' title='bbox 956 1376 1161 1503; x_wconf 88' lang='lat' dir='ltr'><strong>Principis</strong></span> <span class='ocrx_word' id='word_1_40' title='bbox 1208 1405 1451 1490; x_wconf 86' lang='lat' dir='ltr'><strong>nummus,</strong></span> 
     </span>
     <span class='ocr_line' id='line_1_8' title="bbox 257 1500 1453 1645; baseline 0.002 -41"><span class='ocrx_word' id='word_1_41' title='bbox 257 1505 314 1604; x_wconf 73' lang='grc' dir='ltr'><strong>’δι</strong></span> <span class='ocrx_word' id='word_1_42' title='bbox 335 1500 569 1605; x_wconf 85' lang='lat' dir='ltr'><strong>secundam</strong></span> <span class='ocrx_word' id='word_1_43' title='bbox 585 1505 640 1602; x_wconf 90' lang='lat' dir='ltr'><strong>ab</strong></span> <span class='ocrx_word' id='word_1_44' title='bbox 662 1501 908 1603; x_wconf 78' lang='lat' dir='ltr'><strong>Hadriano.</strong></span> <span class='ocrx_word' id='word_1_45' title='bbox 926 1502 1031 1605; x_wconf 85' lang='lat' dir='ltr'><strong>alter</strong></span> <span class='ocrx_word' id='word_1_46' title='bbox 1061 1503 1189 1634; x_wconf 86' lang='lat' dir='ltr'><strong>hujus</strong></span> <span class='ocrx_word' id='word_1_47' title='bbox 1210 1515 1453 1645; x_wconf 87' lang='lat' dir='ltr'><strong>Imperato-</strong></span> 
     </span>
     <span class='ocr_line' id='line_1_9' title="bbox 262 1642 1454 1780; baseline 0.008 -41"><span class='ocrx_word' id='word_1_48' title='bbox 262 1649 318 1739; x_wconf 88' lang='lat' dir='ltr'><strong>ris</strong></span> <span class='ocrx_word' id='word_1_49' title='bbox 339 1655 507 1780; x_wconf 87' lang='lat' dir='ltr'><strong>arguit,</strong></span> <span class='ocrx_word' id='word_1_50' title='bbox 547 1681 629 1744; x_wconf 88' lang='lat' dir='ltr'><strong>nec</strong></span> <span class='ocrx_word' id='word_1_51' title='bbox 690 1650 755 1759; x_wconf 84' lang='lat' dir='ltr'><strong>uis</strong></span> <span class='ocrx_word' id='word_1_52' title='bbox 793 1643 1005 1762; x_wconf 67' lang='lat' dir='ltr'><strong>mistimet</strong></span> <span class='ocrx_word' id='word_1_53' title='bbox 1022 1642 1151 1744; x_wconf 53' lang='lat' dir='ltr'><strong>‘cosa‘</strong></span> <span class='ocrx_word' id='word_1_54' title='bbox 1186 1654 1343 1745; x_wconf 84' lang='lat' dir='ltr'><strong>Severo</strong></span> <span class='ocrx_word' id='word_1_55' title='bbox 1389 1647 1454 1748; x_wconf 89' lang='lat' dir='ltr'><strong>bis</strong></span> 
     </span>
     <span class='ocr_line' id='line_1_10' title="bbox 249 1679 1454 1886; baseline 0.004 -5"><span class='ocrx_word' id='word_1_56' title='bbox 249 1785 502 1882; x_wconf 77' lang='lat' dir='ltr'><strong>&#39;Neocoros</strong></span> <span class='ocrx_word' id='word_1_57' title='bbox 520 1779 640 1881; x_wconf 61' lang='lat' dir='ltr'><strong>fuine</strong></span> <span class='ocrx_word' id='word_1_58' title='bbox 656 1679 825 1879; x_wconf 58' lang='lat' dir='ltr'><strong>iatiost</strong></span> <span class='ocrx_word' id='word_1_59' title='bbox 852 1779 977 1881; x_wconf 87' lang='lat' dir='ltr'><strong>urbes</strong></span> <span class='ocrx_word' id='word_1_60' title='bbox 1001 1793 1122 1881; x_wconf 87' lang='lat' dir='ltr'><strong>enim</strong></span> <span class='ocrx_word' id='word_1_61' title='bbox 1150 1777 1276 1882; x_wconf 68' lang='lat' dir='ltr'><strong>fasta</strong></span> <span class='ocrx_word' id='word_1_62' title='bbox 1326 1787 1454 1886; x_wconf 62' lang='lat' dir='ltr'><strong>Neoss</strong></span> 
     </span>
     <span class='ocr_line' id='line_1_11' title="bbox 264 1915 1450 2054; baseline 0.005 -37"><span class='ocrx_word' id='word_1_63' title='bbox 264 1954 378 2019; x_wconf 86' lang='lat' dir='ltr'><strong>corae</strong></span> <span class='ocrx_word' id='word_1_64' title='bbox 389 1994 405 2039; x_wconf 93' lang='lat'>,</span> <span class='ocrx_word' id='word_1_65' title='bbox 436 1959 512 2021; x_wconf 83' lang='lat' dir='ltr'><strong>eos</strong></span> <span class='ocrx_word' id='word_1_66' title='bbox 536 1915 684 2020; x_wconf 92' lang='lat' dir='ltr'><strong>titulos</strong></span> <span class='ocrx_word' id='word_1_67' title='bbox 713 1916 881 2054; x_wconf 85' lang='lat' dir='ltr'><strong>semper</strong></span> <span class='ocrx_word' id='word_1_68' title='bbox 910 1928 958 2018; x_wconf 92' lang='lat' dir='ltr'><strong>in</strong></span> <span class='ocrx_word' id='word_1_69' title='bbox 984 1931 1182 2020; x_wconf 90' lang='lat' dir='ltr'><strong>nummis</strong></span> <span class='ocrx_word' id='word_1_70' title='bbox 1206 1917 1450 2054; x_wconf 84' lang='lat' dir='ltr'><strong>servabant,</strong></span> 
     </span>
    </p>

    <p class='ocr_par' dir='ltr' id='par_1_3' title="bbox 131 2052 1451 2613">
     <span class='ocr_line' id='line_1_12' title="bbox 221 2052 1451 2200; baseline 0.002 -42"><span class='ocrx_word' id='word_1_71' title='bbox 221 2114 224 2118; x_wconf 13' lang='grc' dir='ltr'><em>Δ</em></span> <span class='ocrx_word' id='word_1_72' title='bbox 264 2052 356 2158; x_wconf 88' lang='lat' dir='ltr'><strong>&amp;fi</strong></span> <span class='ocrx_word' id='word_1_73' title='bbox 389 2096 496 2200; x_wconf 85' lang='lat' dir='ltr'><strong>quas</strong></span> <span class='ocrx_word' id='word_1_74' title='bbox 525 2053 710 2196; x_wconf 76' lang='lat' dir='ltr'><strong>amplius</strong></span> <span class='ocrx_word' id='word_1_75' title='bbox 735 2055 1042 2176; x_wconf 80' lang='lat' dir='ltr'><strong>obtinuiffent,</strong></span> <span class='ocrx_word' id='word_1_76' title='bbox 1067 2068 1115 2159; x_wconf 87' lang='lat' dir='ltr'><strong>in</strong></span> <span class='ocrx_word' id='word_1_77' title='bbox 1150 2067 1200 2160; x_wconf 85' lang='lat' dir='ltr'><strong>iis</strong></span> <span class='ocrx_word' id='word_1_78' title='bbox 1238 2093 1338 2160; x_wconf 90' lang='lat' dir='ltr'><strong>tum</strong></span> <span class='ocrx_word' id='word_1_79' title='bbox 1371 2095 1451 2200; x_wconf 86' lang='lat' dir='ltr'><strong>ap-</strong></span> 
     </span>
     <span class='ocr_line' id='line_1_13' title="bbox 141 2192 1449 2336; baseline 0.008 -44"><span class='ocrx_word' id='word_1_80' title='bbox 141 2193 147 2198; x_wconf 67' lang='grc'>’</span> <span class='ocrx_word' id='word_1_81' title='bbox 252 2193 513 2332; x_wconf 85' lang='lat' dir='ltr'><strong>ponebant,</strong></span> <span class='ocrx_word' id='word_1_82' title='bbox 535 2198 679 2336; x_wconf 86' lang='lat' dir='ltr'><strong>utipsa</strong></span> <span class='ocrx_word' id='word_1_83' title='bbox 701 2192 888 2336; x_wconf 84' lang='lat' dir='ltr'><strong>Ephesus</strong></span> <span class='ocrx_word' id='word_1_84' title='bbox 918 2233 1022 2336; x_wconf 86' lang='lat' dir='ltr'><strong>quae-</strong></span> <span class='ocrx_word' id='word_1_85' title='bbox 1034 2197 1111 2301; x_wconf 85' lang='lat' dir='ltr'><strong>sub</strong></span> <span class='ocrx_word' id='word_1_86' title='bbox 1131 2196 1351 2310; x_wconf 83' lang='lat' dir='ltr'><strong>Caracalla</strong></span> <span class='ocrx_word' id='word_1_87' title='bbox 1367 2235 1449 2302; x_wconf 88' lang='lat' dir='ltr'><strong>ter-</strong></span> 
     </span>
     <span class='ocr_line' id='line_1_14' title="bbox 258 2332 1448 2450; baseline 0.006 -18"><span class='ocrx_word' id='word_1_88' title='bbox 258 2341 373 2433; x_wconf 83' lang='lat' dir='ltr'><strong>tiam</strong></span> <span class='ocrx_word' id='word_1_89' title='bbox 403 2338 596 2437; x_wconf 89' lang='lat' dir='ltr'><strong>obtinuit</strong></span> <span class='ocrx_word' id='word_1_90' title='bbox 619 2343 895 2437; x_wconf 87' lang='lat' dir='ltr'><strong>Neocoriam</strong></span> <span class='ocrx_word' id='word_1_91' title='bbox 907 2333 981 2450; x_wconf 88' lang='lat' dir='ltr'><strong>‚se</strong></span> <span class='ocrx_word' id='word_1_92' title='bbox 1005 2332 1164 2436; x_wconf 88' lang='lat' dir='ltr'><strong>deinde</strong></span> <span class='ocrx_word' id='word_1_93' title='bbox 1190 2346 1448 2440; x_wconf 86' lang='lat' dir='ltr'><strong>terNeoto-</strong></span> 
     </span>
     <span class='ocr_line' id='line_1_15' title="bbox 131 2470 1447 2613; baseline 0.005 -43"><span class='ocrx_word' id='word_1_94' title='bbox 131 2500 151 2526; x_wconf 74' lang='lat'><em>⁴</em></span> <span class='ocrx_word' id='word_1_95' title='bbox 260 2510 355 2572; x_wconf 87' lang='lat' dir='ltr'><strong>ram</strong></span> <span class='ocrx_word' id='word_1_96' title='bbox 374 2472 608 2613; x_wconf 80' lang='lat' dir='ltr'><strong>inscripsit,</strong></span> <span class='ocrx_word' id='word_1_97' title='bbox 655 2471 752 2576; x_wconf 79' lang='lat' dir='ltr'><strong>imi&gt;</strong></span> <span class='ocrx_word' id='word_1_98' title='bbox 778 2470 819 2573; x_wconf 85' lang='lat' dir='ltr'><strong>st</strong></span> <span class='ocrx_word' id='word_1_99' title='bbox 848 2508 1017 2612; x_wconf 77' lang='lat' dir='ltr'><strong>quater</strong></span> <span class='ocrx_word' id='word_1_100' title='bbox 1064 2483 1323 2588; x_wconf 89' lang='lat' dir='ltr'><strong>Neocoram</strong></span> <span class='ocrx_word' id='word_1_101' title='bbox 1371 2477 1447 2577; x_wconf 88' lang='lat' dir='ltr'><strong>sub</strong></span> 
     </span>
    </p>

    <p class='ocr_par' dir='ltr' id='par_1_4' title="bbox 202 2605 1449 2754">
     <span class='ocr_line' id='line_1_16' title="bbox 202 2605 1449 2754; baseline 0.004 -43"><span class='ocrx_word' id='word_1_102' title='bbox 202 2636 205 2642; x_wconf 88' lang='grc'><strong>’</strong></span> <span class='ocrx_word' id='word_1_103' title='bbox 261 2605 498 2750; x_wconf 80' lang='lat' dir='ltr'><strong>Elagabalo</strong></span> <span class='ocrx_word' id='word_1_104' title='bbox 547 2610 755 2730; x_wconf 87' lang='lat' dir='ltr'><strong>loriatur,</strong></span> <span class='ocrx_word' id='word_1_105' title='bbox 777 2649 873 2712; x_wconf 89' lang='lat' dir='ltr'><strong>non</strong></span> <span class='ocrx_word' id='word_1_106' title='bbox 891 2608 1018 2754; x_wconf 67' lang='lat' dir='ltr'><strong>quud</strong></span> <span class='ocrx_word' id='word_1_107' title='bbox 1040 2607 1135 2728; x_wconf 82' lang='lat' dir='ltr'><strong>iila,</strong></span> <span class='ocrx_word' id='word_1_108' title='bbox 1181 2645 1229 2712; x_wconf 92' lang='lat' dir='ltr'><strong>ut</strong></span> <span class='ocrx_word' id='word_1_109' title='bbox 1264 2611 1449 2752; x_wconf 84' lang='lat' dir='ltr'><strong>quidam</strong></span> 
     </span>
    </p>

    <p class='ocr_par' dir='ltr' id='par_1_5' title="bbox 224 2653 1587 4234">
     <span class='ocr_line' id='line_1_17' title="bbox 245 2653 1447 2892; baseline 0.004 -44"><span class='ocrx_word' id='word_1_110' title='bbox 245 2782 470 2886; x_wconf 31' lang='lat' dir='ltr'><strong>&#39;putarunt</strong></span> <span class='ocrx_word' id='word_1_111' title='bbox 498 2653 553 2852; x_wconf 54' lang='grc' dir='ltr'><strong>αἱ</strong></span> <span class='ocrx_word' id='word_1_112' title='bbox 606 2750 699 2852; x_wconf 90' lang='lat' dir='ltr'><strong>hoc</strong></span> <span class='ocrx_word' id='word_1_113' title='bbox 745 2760 951 2890; x_wconf 82' lang='lat' dir='ltr'><strong>Principe</strong></span> <span class='ocrx_word' id='word_1_114' title='bbox 994 2761 1247 2887; x_wconf 85' lang='lat' dir='ltr'><strong>acceperit,</strong></span> <span class='ocrx_word' id='word_1_115' title='bbox 1296 2787 1447 2892; x_wconf 84' lang='lat' dir='ltr'><strong>quater</strong></span> 
     </span>
     <span class='ocr_line' id='line_1_18' title="bbox 261 2883 1569 3026; baseline 0.002 -37"><span class='ocrx_word' id='word_1_116' title='bbox 261 2883 376 2989; x_wconf 61' lang='lat' dir='ltr'><strong>frua</strong></span> <span class='ocrx_word' id='word_1_117' title='bbox 394 2885 531 2989; x_wconf 81' lang='lat' dir='ltr'><strong>fuerit</strong></span> <span class='ocrx_word' id='word_1_118' title='bbox 555 2897 779 3008; x_wconf 78' lang='lat' dir='ltr'><strong>Neocora:</strong></span> <span class='ocrx_word' id='word_1_119' title='bbox 797 2926 904 2988; x_wconf 86' lang='lat' dir='ltr'><strong>nam</strong></span> <span class='ocrx_word' id='word_1_120' title='bbox 926 2890 1076 3026; x_wconf 86' lang='lat' dir='ltr'><strong>postea</strong></span> <span class='ocrx_word' id='word_1_121' title='bbox 1095 2887 1170 2988; x_wconf 90' lang='lat' dir='ltr'><strong>sub</strong></span> <span class='ocrx_word' id='word_1_122' title='bbox 1188 2885 1277 2988; x_wconf 87' lang='lat' dir='ltr'><strong>aliis</strong></span> <span class='ocrx_word' id='word_1_123' title='bbox 1286 2898 1447 2992; x_wconf 86' lang='lat' dir='ltr'><strong>Princi-</strong></span> <span class='ocrx_word' id='word_1_124' title='bbox 1565 2935 1569 2942; x_wconf 93' lang='lat'><em>·</em></span> 
     </span>
     <span class='ocr_line' id='line_1_19' title="bbox 261 3022 1448 3161; baseline 0.006 -37"><span class='ocrx_word' id='word_1_125' title='bbox 261 3026 414 3161; x_wconf 71' lang='lat' dir='ltr'><strong>pibuS,</strong></span> <span class='ocrx_word' id='word_1_126' title='bbox 429 3036 477 3126; x_wconf 92' lang='lat' dir='ltr'><strong>in</strong></span> <span class='ocrx_word' id='word_1_127' title='bbox 516 3022 682 3126; x_wconf 79' lang='lat' dir='ltr'><strong>lurimit</strong></span> <span class='ocrx_word' id='word_1_128' title='bbox 702 3036 925 3141; x_wconf 84' lang='lat' dir='ltr'><strong>nummis,</strong></span> <span class='ocrx_word' id='word_1_129' title='bbox 945 3022 1062 3125; x_wconf 87' lang='lat' dir='ltr'><strong>seter</strong></span> <span class='ocrx_word' id='word_1_130' title='bbox 1080 3037 1338 3153; x_wconf 84' lang='lat' dir='ltr'><strong>Neocoram</strong></span> <span class='ocrx_word' id='word_1_131' title='bbox 1353 3064 1448 3131; x_wconf 88' lang='lat' dir='ltr'><strong>tan-</strong></span> 
     </span>
     <span class='ocr_line' id='line_1_20' title="bbox 261 3064 1449 3306; baseline 0.003 -44"><span class='ocrx_word' id='word_1_132' title='bbox 261 3196 362 3262; x_wconf 92' lang='lat' dir='ltr'><strong>tum</strong></span> <span class='ocrx_word' id='word_1_133' title='bbox 379 3064 589 3302; x_wconf 73' lang='lat' dir='ltr'><strong>appeiiat:</strong></span> <span class='ocrx_word' id='word_1_134' title='bbox 614 3165 747 3306; x_wconf 90' lang='lat' dir='ltr'><strong>quod</strong></span> <span class='ocrx_word' id='word_1_135' title='bbox 778 3161 1113 3303; x_wconf 82' lang='lat' dir='ltr'><strong>intelligendum</strong></span> <span class='ocrx_word' id='word_1_136' title='bbox 1139 3170 1198 3267; x_wconf 85' lang='lat' dir='ltr'><strong>est</strong></span> <span class='ocrx_word' id='word_1_137' title='bbox 1224 3162 1277 3263; x_wconf 91' lang='lat' dir='ltr'><strong>de</strong></span> <span class='ocrx_word' id='word_1_138' title='bbox 1300 3201 1363 3264; x_wconf 87' lang='lat' dir='ltr'><strong>ter</strong></span> <span class='ocrx_word' id='word_1_139' title='bbox 1384 3165 1449 3266; x_wconf 80' lang='lat' dir='ltr'><strong>fa·</strong></span> 
     </span>
     <span class='ocr_line' id='line_1_21' title="bbox 224 3300 1446 3441; baseline -0.002 -39"><span class='ocrx_word' id='word_1_140' title='bbox 224 3343 227 3349; x_wconf 88' lang='lat'>·</span> <span class='ocrx_word' id='word_1_141' title='bbox 262 3307 334 3402; x_wconf 70' lang='lat' dir='ltr'><strong>&amp;a</strong></span> <span class='ocrx_word' id='word_1_142' title='bbox 351 3313 560 3405; x_wconf 87' lang='lat' dir='ltr'><strong>Neocora</strong></span> <span class='ocrx_word' id='word_1_143' title='bbox 582 3316 928 3441; x_wconf 83' lang='lat' dir='ltr'><strong>Imperatorum:</strong></span> <span class='ocrx_word' id='word_1_144' title='bbox 953 3300 1058 3403; x_wconf 78' lang='lat' dir='ltr'><strong>crim</strong></span> <span class='ocrx_word' id='word_1_145' title='bbox 1080 3313 1173 3430; x_wconf 87' lang='lat' dir='ltr'><strong>jam</strong></span> <span class='ocrx_word' id='word_1_146' title='bbox 1206 3303 1303 3403; x_wconf 83' lang='lat' dir='ltr'><strong>effer</strong></span> <span class='ocrx_word' id='word_1_147' title='bbox 1320 3314 1446 3403; x_wconf 84' lang='lat' dir='ltr'><strong>Neo·</strong></span> 
     </span>
     <span class='ocr_line' id='line_1_22' title="bbox 261 3438 1587 3579; baseline 0.002 -38"><span class='ocrx_word' id='word_1_148' title='bbox 261 3479 366 3541; x_wconf 89' lang='lat' dir='ltr'><strong>cora</strong></span> <span class='ocrx_word' id='word_1_149' title='bbox 388 3453 543 3542; x_wconf 85' lang='lat' dir='ltr'><strong>Dianae</strong></span> <span class='ocrx_word' id='word_1_150' title='bbox 595 3441 770 3579; x_wconf 86' lang='lat' dir='ltr'><strong>templi,</strong></span> <span class='ocrx_word' id='word_1_151' title='bbox 796 3478 845 3542; x_wconf 91' lang='lat' dir='ltr'><strong>ut</strong></span> <span class='ocrx_word' id='word_1_152' title='bbox 886 3439 968 3540; x_wconf 89' lang='lat' dir='ltr'><strong>fert</strong></span> <span class='ocrx_word' id='word_1_153' title='bbox 1010 3438 1189 3579; x_wconf 81' lang='lat' dir='ltr'><strong>insignis</strong></span> <span class='ocrx_word' id='word_1_154' title='bbox 1232 3451 1452 3543; x_wconf 78' lang='lat' dir='ltr'><strong>nummus&#39;</strong></span> <span class='ocrx_word' id='word_1_155' title='bbox 1562 3478 1587 3494; x_wconf 67' lang='grc'><strong>“</strong></span> 
     </span>
     <span class='ocr_line' id='line_1_23' title="bbox 261 3596 1445 3698; baseline -0.005 -24"><span class='ocrx_word' id='word_1_156' title='bbox 261 3596 545 3677; x_wconf 71' lang='grc' dir='ltr'>ΕΦΕΣΙΩΝ</span> <span class='ocrx_word' id='word_1_157' title='bbox 581 3597 725 3678; x_wconf 79' lang='grc' dir='ltr'>ΤΡΙΣ</span> <span class='ocrx_word' id='word_1_158' title='bbox 760 3601 1101 3675; x_wconf 80' lang='grc' dir='ltr'>ΝΕΩΚΟΡΩΝ</span> <span class='ocrx_word' id='word_1_159' title='bbox 1126 3599 1337 3698; x_wconf 67' lang='grc' dir='ltr'><strong>ΚΑΙΤΗΣ</strong></span> <span class='ocrx_word' id='word_1_160' title='bbox 1358 3608 1445 3676; x_wconf 78' lang='grc' dir='ltr'><strong>ΛΡ.</strong></span> 
     </span>
     <span class='ocr_line' id='line_1_24' title="bbox 263 3716 1533 3840; baseline 0.004 -31"><span class='ocrx_word' id='word_1_161' title='bbox 263 3736 518 3818; x_wconf 75' lang='grc' dir='ltr'><strong>τΕΜΙΔοΣ.</strong></span> <span class='ocrx_word' id='word_1_162' title='bbox 589 3716 712 3819; x_wconf 80' lang='lat' dir='ltr'><strong>Alter</strong></span> <span class='ocrx_word' id='word_1_163' title='bbox 743 3717 873 3819; x_wconf 80' lang='lat' dir='ltr'><strong>habet</strong></span> <span class='ocrx_word' id='word_1_164' title='bbox 903 3733 1129 3815; x_wconf 74' lang='grc' dir='ltr'><strong>ΕΦΕΣΙΩΝ</strong></span> <span class='ocrx_word' id='word_1_165' title='bbox 1165 3741 1207 3815; x_wconf 86' lang='lat' dir='ltr'><strong>r.</strong></span> <span class='ocrx_word' id='word_1_166' title='bbox 1246 3741 1445 3814; x_wconf 80' lang='lat' dir='ltr'><strong>uuuuo-</strong></span> <span class='ocrx_word' id='word_1_167' title='bbox 1530 3833 1533 3840; x_wconf 17' lang='grc' dir='ltr'>ι</span> 
     </span>
     <span class='ocr_line' id='line_1_25' title="bbox 265 3854 1445 3998; baseline 0.013 -53"><span class='ocrx_word' id='word_1_168' title='bbox 265 3877 370 3949; x_wconf 78' lang='lat' dir='ltr'><strong>unu</strong></span> <span class='ocrx_word' id='word_1_169' title='bbox 410 3882 520 3953; x_wconf 77' lang='lat' dir='ltr'><strong>unu</strong></span> <span class='ocrx_word' id='word_1_170' title='bbox 578 3875 878 3974; x_wconf 69' lang='lat' dir='ltr'><strong>xuuazunu,</strong></span> <span class='ocrx_word' id='word_1_171' title='bbox 947 3896 1012 3958; x_wconf 88' lang='lat' dir='ltr'><strong>uae</strong></span> <span class='ocrx_word' id='word_1_172' title='bbox 1058 3854 1241 3998; x_wconf 82' lang='lat' dir='ltr'><strong>dignitas</strong></span> <span class='ocrx_word' id='word_1_173' title='bbox 1262 3870 1445 3960; x_wconf 81' lang='lat' dir='ltr'><strong>Neocora</strong></span> 
     </span>
     <span class='ocr_line' id='line_1_26' title="bbox 264 3897 1446 4139; baseline 0.008 -48"><span class='ocrx_word' id='word_1_174' title='bbox 264 4000 586 4130; x_wconf 84' lang='lat' dir='ltr'><strong>Imperatorum</strong></span> <span class='ocrx_word' id='word_1_175' title='bbox 610 4034 694 4139; x_wconf 87' lang='lat' dir='ltr'><strong>pro</strong></span> <span class='ocrx_word' id='word_1_176' title='bbox 713 3994 830 4100; x_wconf 83' lang='lat' dir='ltr'><strong>ludis¹</strong></span> <span class='ocrx_word' id='word_1_177' title='bbox 848 4017 894 4103; x_wconf 85' lang='lat'>&amp;</span> <span class='ocrx_word' id='word_1_178' title='bbox 913 3897 1040 4102; x_wconf 67' lang='lat' dir='ltr'><strong>iactis</strong></span> <span class='ocrx_word' id='word_1_179' title='bbox 1059 3993 1263 4101; x_wconf 80' lang='lat' dir='ltr'><strong>faciendis</strong></span> <span class='ocrx_word' id='word_1_180' title='bbox 1274 4000 1446 4101; x_wconf 84' lang='lat' dir='ltr'><strong>institu-</strong></span> 
     </span>
     <span class='ocr_line' id='line_1_27' title="bbox 263 4135 403 4234; baseline -0.014 -2"><span class='ocrx_word' id='word_1_181' title='bbox 263 4161 309 4232; x_wconf 82' lang='lat' dir='ltr'><strong>ta</strong></span> <span class='ocrx_word' id='word_1_182' title='bbox 329 4135 403 4234; x_wconf 85' lang='lat' dir='ltr'><strong>est.</strong></span> 
     </span>
    </p>
   </div>
   <div class='ocr_carea' id='block_1_3' title="bbox 0 0 2082 5384">
    <p class='ocr_par' dir='ltr' id='par_1_6' title="bbox 0 0 2082 5384">
     <span class='ocr_line' id='line_1_28' title="bbox 0 0 2082 5384; baseline 0 0"><span class='ocrx_word' id='word_1_183' title='bbox 0 0 2082 5384; x_wconf 95' lang='lat' dir='ltr'><strong> </strong></span> 
     </span>
    </p>
   </div>
  </div>
 </body>
</html>
